@article{musictransformer,
  author    = {Cheng{-Zhi} Anna Huang and
               Ashish Vaswani and
               Jakob Uszkoreit and
               Noam Shazeer and
               Curtis Hawthorne and
               Andrew M. Dai and
               Matthew D. Hoffman and
               Douglas Eck},
  title     = {{Music Transformer: Generating music with long-term structure}},
  year      = {2018},
  url       = {http://arxiv.org/abs/1809.04281},
  archivePrefix = {arXiv},
  eprint    = {arXiv:1809.04281},
  timestamp = {Fri, 05 Oct 2018 11:34:52 +0200},
  biburl    = {https://dblp.org/rec/journals/corr/abs-1809-04281.bib},
  bibsource = {dblp computer science bibliography, https://dblp.org}
}